
 @article{cite:1,
  author = {WEBSTER, John G. (ed.)},
  title = {Medical instrumentation: application and design},
  volume = 4,
  journal = {John Wiley \& Sons Inc.},
  year = 2009
}


 @article{cite:2,
  author = {FABIAN V., KREMEN V., DOBIAS M. ( CTU in Prague )},
  title = { Method for an accurate automated non-invasive measurement
of blood pressure waveform and apparatus to carry out the same},
  journal = {United States Patent and Trademark Office, US Patent
US10251567},
  month = dec,
  year = 2019,
  }

@article{cite:3,
  author          = {Záhlava Vít},
  journal         = {BEN - technická literatura},
  title           = {Návrh a konstrukce desek plošných spojů Principy a pravidla praktického návrhu},
  volume          = {1},
  year            = {2010},
  isbn            = {978-80-7300-266-4}
}